@misc{effps,
    author={R. Mohan and A. Valada.},
    year={2020},
    title={Efficient{PS}: {Efficient} {Panoptic} {Segmentation}},
    note={\url{http://panoptic.cs.uni-freiburg.de/}}
}

@book{dl-book,
    title={Deep Learning},
    author={Ian Goodfellow and Yoshua Bengio and Aaron Courville},
    publisher={MIT Press},
    note={\url{http://www.deeplearningbook.org}},
    year={2016}
}

@book{percep69,
    title={Perceptrons: An Introduction to Computational Geometry},
    author={M. Minsky and S. Papert.},
    publisher={MIT Press},
    year={1969}
}


